<?xml version="1.0" encoding="UTF-8"?><collection xmlns="http://www.loc.gov/MARC21/slim"><record><leader>00472nam--2200181-i-4500</leader><controlfield tag="001">000023497</controlfield><controlfield tag="002">20161230</controlfield><controlfield tag="005">20161230201035</controlfield><controlfield tag="008">060222s1000------------r-----000-0-ger-d</controlfield><datafield ind1=" " ind2=" " tag="040"><subfield code="a">IFIN-HH</subfield></datafield><datafield ind1=" " ind2=" " tag="041"><subfield code="a">ger</subfield></datafield><datafield ind1=" " ind2=" " tag="080"><subfield code="a">535(083):53.081</subfield></datafield><datafield ind1="1" ind2=" " tag="100"><subfield code="a">Hodam, Fritz</subfield></datafield><datafield ind1="1" ind2="0" tag="245"><subfield code="a">Formelsammlung und tabellenbuch der technischen optik</subfield><subfield code="c">Fritz hodam</subfield></datafield><datafield ind1=" " ind2=" " tag="260"><subfield code="a">Berlin</subfield><subfield code="b">Veb Verlag Technik</subfield><subfield code="c">1974</subfield></datafield><datafield ind1=" " ind2=" " tag="300"><subfield code="a">220P</subfield></datafield><datafield ind1=" " ind2=" " tag="852"><subfield code="a">42840</subfield><subfield code="c">535</subfield></datafield><datafield ind1=" " ind2=" " tag="CAT"><subfield code="a">Sys</subfield><subfield code="c">20101105</subfield><subfield code="h">130825</subfield></datafield></record></collection>